%% This BibTeX bibliography file was created using BibDesk.
%% http://bibdesk.sourceforge.net/

%% Created for 曹安洁 at 2024-04-29 21:06:14 -0700 


%% Saved with string encoding Unicode (UTF-8) 



@book{qukou2010,
	Date-Added = {2024-04-29 21:05:50 -0700},
	Date-Modified = {2024-04-29 21:06:11 -0700},
	Publisher = {Qukou Publishing Committee},
	Title = {Qukou Farm Chronicles},
	Year = {2010}}

@book{lianhu2009,
	Date-Added = {2024-04-29 21:04:08 -0700},
	Date-Modified = {2024-04-29 21:05:47 -0700},
	Publisher = {Lianhu Publishing Committee},
	Title = {Lianhu Farm Chronicles },
	Year = {2009}}

@article{talhelm2014large,
	Author = {Talhelm, Thomas and Zhang, Xuemin and Oishi, Shigehiro and Shimin, Chen and Duan, Dongyuan and Lan, Xuezhao and Kitayama, Shinobu},
	Date-Added = {2024-04-29 20:59:53 -0700},
	Date-Modified = {2024-04-29 20:59:53 -0700},
	Journal = {Science},
	Number = {6184},
	Pages = {603--608},
	Publisher = {American Association for the Advancement of Science},
	Title = {Large-scale psychological differences within China explained by rice versus wheat agriculture},
	Volume = {344},
	Year = {2014}}

@article{talhelm2024people,
	Author = {Talhelm, Thomas and Dong, Xiawei},
	Date-Added = {2024-04-29 20:59:28 -0700},
	Date-Modified = {2024-04-29 20:59:28 -0700},
	Journal = {Nature Communications},
	Number = {1},
	Pages = {1782},
	Publisher = {Nature Publishing Group UK London},
	Title = {People quasi-randomly assigned to farm rice are more collectivistic than people assigned to farm wheat},
	Volume = {15},
	Year = {2024}}

@manual{R-base,
	Address = {Vienna, Austria},
	Author = {{R Core Team}},
	Organization = {R Foundation for Statistical Computing},
	Title = {R: A Language and Environment for Statistical Computing},
	Url = {https://www.R-project.org/},
	Year = {2024},
	Bdsk-Url-1 = {https://www.R-project.org/}}

@manual{R-papaja,
	Author = {Frederik Aust and Marius Barth},
	Note = {R package version 0.1.2},
	Title = {{papaja}: {Prepare} reproducible {APA} journal articles with {R Markdown}},
	Url = {https://github.com/crsh/papaja},
	Year = {2023},
	Bdsk-Url-1 = {https://github.com/crsh/papaja}}

@manual{R-tinylabels,
	Author = {Marius Barth},
	Note = {R package version 0.2.4},
	Title = {{tinylabels}: Lightweight Variable Labels},
	Url = {https://cran.r-project.org/package=tinylabels},
	Year = {2023},
	Bdsk-Url-1 = {https://cran.r-project.org/package=tinylabels}}
@Manual{R-dplyr,
  title = {dplyr: A Grammar of Data Manipulation},
  author = {Hadley Wickham and Romain François and Lionel Henry and Kirill Müller and Davis Vaughan},
  year = {2023},
  note = {R package version 1.1.4},
  url = {https://CRAN.R-project.org/package=dplyr},
}
@Manual{R-forcats,
  title = {forcats: Tools for Working with Categorical Variables (Factors)},
  author = {Hadley Wickham},
  year = {2023},
  note = {R package version 1.0.0},
  url = {https://CRAN.R-project.org/package=forcats},
}
@Book{R-ggplot2,
  author = {Hadley Wickham},
  title = {ggplot2: Elegant Graphics for Data Analysis},
  publisher = {Springer-Verlag New York},
  year = {2016},
  isbn = {978-3-319-24277-4},
  url = {https://ggplot2.tidyverse.org},
}
@Manual{R-here,
  title = {here: A Simpler Way to Find Your Files},
  author = {Kirill Müller},
  year = {2020},
  note = {R package version 1.0.1},
  url = {https://CRAN.R-project.org/package=here},
}
@Article{R-lubridate,
  title = {Dates and Times Made Easy with {lubridate}},
  author = {Garrett Grolemund and Hadley Wickham},
  journal = {Journal of Statistical Software},
  year = {2011},
  volume = {40},
  number = {3},
  pages = {1--25},
  url = {https://www.jstatsoft.org/v40/i03/},
}
@Manual{R-purrr,
  title = {purrr: Functional Programming Tools},
  author = {Hadley Wickham and Lionel Henry},
  year = {2023},
  note = {R package version 1.0.2},
  url = {https://CRAN.R-project.org/package=purrr},
}
@Manual{R-readr,
  title = {readr: Read Rectangular Text Data},
  author = {Hadley Wickham and Jim Hester and Jennifer Bryan},
  year = {2024},
  note = {R package version 2.1.5},
  url = {https://CRAN.R-project.org/package=readr},
}
@Manual{R-stringr,
  title = {stringr: Simple, Consistent Wrappers for Common String Operations},
  author = {Hadley Wickham},
  year = {2023},
  note = {R package version 1.5.1},
  url = {https://CRAN.R-project.org/package=stringr},
}
@Manual{R-tibble,
  title = {tibble: Simple Data Frames},
  author = {Kirill Müller and Hadley Wickham},
  year = {2023},
  note = {R package version 3.2.1},
  url = {https://CRAN.R-project.org/package=tibble},
}
@Manual{R-tidyr,
  title = {tidyr: Tidy Messy Data},
  author = {Hadley Wickham and Davis Vaughan and Maximilian Girlich},
  year = {2024},
  note = {R package version 1.3.1},
  url = {https://CRAN.R-project.org/package=tidyr},
}
@Article{R-tidyverse,
  title = {Welcome to the {tidyverse}},
  author = {Hadley Wickham and Mara Averick and Jennifer Bryan and Winston Chang and Lucy D'Agostino McGowan and Romain François and Garrett Grolemund and Alex Hayes and Lionel Henry and Jim Hester and Max Kuhn and Thomas Lin Pedersen and Evan Miller and Stephan Milton Bache and Kirill Müller and Jeroen Ooms and David Robinson and Dana Paige Seidel and Vitalie Spinu and Kohske Takahashi and Davis Vaughan and Claus Wilke and Kara Woo and Hiroaki Yutani},
  year = {2019},
  journal = {Journal of Open Source Software},
  volume = {4},
  number = {43},
  pages = {1686},
  doi = {10.21105/joss.01686},
}
@Manual{R-cowplot,
  title = {cowplot: Streamlined Plot Theme and Plot Annotations for 'ggplot2'},
  author = {Claus O. Wilke},
  year = {2024},
  note = {R package version 1.1.3},
  url = {https://CRAN.R-project.org/package=cowplot},
}
@Manual{R-ggthemes,
  title = {ggthemes: Extra Themes, Scales and Geoms for 'ggplot2'},
  author = {Jeffrey B. Arnold},
  year = {2024},
  note = {R package version 5.1.0},
  url = {https://CRAN.R-project.org/package=ggthemes},
}
@Manual{R-haven,
  title = {haven: Import and Export 'SPSS', 'Stata' and 'SAS' Files},
  author = {Hadley Wickham and Evan Miller and Danny Smith},
  year = {2023},
  note = {R package version 2.5.4},
  url = {https://CRAN.R-project.org/package=haven},
}
@Article{R-MatchIt,
  title = {{MatchIt}: Nonparametric Preprocessing for Parametric Causal Inference},
  author = {Daniel E. Ho and Kosuke Imai and Gary King and Elizabeth A. Stuart},
  year = {2011},
  journal = {Journal of Statistical Software},
  volume = {42},
  number = {8},
  pages = {1--28},
  doi = {10.18637/jss.v042.i08},
}
@Manual{R-patchwork,
  title = {patchwork: The Composer of Plots},
  author = {Thomas Lin Pedersen},
  year = {2024},
  note = {R package version 1.2.0},
  url = {https://CRAN.R-project.org/package=patchwork},
}
